@techreport{WWWProposal,
	author={T. Berners-Lee},
	title={Information Management: A Proposal},
	url={https://www.w3.org/History/1989/proposal.html},
	howpublished={online},
	year={1989},
	cited={2022-12-30}
}

@article{WP224Fingerprinting,
	author="{Article 29 Working Party}",
	title={Opinion 9/2014 on the application of Directive 2002/58/EC to device fingerprinting},
	url={https://ec.europa.eu/justice/article-29/documentation/opinion-recommendation/files/2014/wp224_en.pdf},
	publisher={European Commission},
	howpublished={online},
	cited={2022-12-30}
}

@article{FingerprintingSurvey,
	doi={10.48550/ARXIV.1905.01051},
	url={https://arxiv.org/abs/1905.01051},
	author={Laperdrix, Pierre and Bielova, Nataliia and Baudry, Benoit and Avoine, Gildas},
	keywords={Cryptography and Security (cs.CR), Computers and Society (cs.CY), Software Engineering (cs.SE), FOS: Computer and information sciences, FOS: Computer and information sciences},
	title={Browser Fingerprinting: A survey},
	publisher={arXiv},
	year={2019},
	copyright={Creative Commons Attribution 4.0 International},
	cited={2022-12-30}
}

@inproceedings{EckersleyHowUnique,
	author={P. Eckersley},
	title={How Unique is Your Web Browser?},
	year={2010},
	isbn={3642145264},
	publisher={Springer-Verlag},
	address={Berlin, Heidelberg},
	location={Berlin, Germany},
	series={PETS'10},
	cited={2022-12-30}
}

@webpage{FingerprintJSUseCases,
	title={Use Cases},
    howpublished={online},
    publisher={FingerprintJS, Inc.},
    url={https://fingerprint.com/use-cases/},
    cited={2022-12-30}
}

@webpage{MDNWebExtensions,
	title={Mozilla Developer Network - Browser extensions},
	url={https://developer.mozilla.org/en-US/docs/Mozilla/Add-ons/WebExtensions},
	publisher={Mozilla Corporation},
	howpublished={online},
	cited={2022-12-30}
}

@webpage{AppleSafariWebExtensions,
	title={Apple Developer Documentation - Safari web extensions},
	url={https://developer.apple.com/documentation/safariservices/safari_web_extensions},
	publisher={Apple, Inc},
	howpublished={online},
	cited={2022-12-30}
}

@webpage{ChromeWebExtensionsAPIReference,
	title={Chrome Developers - WebExtensions API reference},
	url={https://developer.chrome.com/docs/extensions/reference/},
	publisher={Google LLC},
	howpublished={online},
	cited={2022-12-30}
}

@webpage{ChromeManifestV3,
	title={Chrome Developers - Manifest V3},
	url={https://developer.chrome.com/docs/extensions/mv3/intro/},
	publisher={Google LLC},
	howpublished={online},
	cited={2022-12-30}
}

@webpage{ChromeManifestV2,
	title={Chrome Developers - Manifest V2},
	url={https://developer.chrome.com/docs/extensions/mv2/},
	publisher={Google LLC},
	howpublished={online},
	cited={2022-12-30}
}

@mastersthesis{MatejTimkoDP,
    author={M. Timko},
    type="Diplomov\'{a} pr\'{a}ce",
    title="Vylep\v{s}en\'{i} roz\v{s}\'{i}\v{r}en\'{i} pro omezen\'{i} vol\'{a}n\'{i} JavaScriptu",
    school="Vysok\'{e} u\v{c}en\'{i} technick\'{e} v Brn\v{e}, Fakulta informa\v{c}n\'{i}ch technologi\'{i}",
    year={2019},
    location={Brno, CZ},
    language={czech},
    url={https://www.fit.vut.cz/study/thesis/21824/},
    cited={2022-12-30}
}

@mastersthesis{VondracekDP,
	author="Tom\'{a}\v{s} Vondr\'{a}\v{c}ek",
    type="Diplomov\'{a} pr\'{a}ce",
    title="Z\'{i}sk\'{a}v\'{a}n\'{i} informac\'{i} o u\v{z}ivatel\'{i}ch na webov\'{y}ch str\'{a}nk\'{a}ch",
    school = "Vysok\'{e} u\v{c}en\'{i} technick\'{e} v Brn\v{e}, Fakulta informa\v{c}n\'{i}ch technologi\'{i}",
    year={2021},
    location={Brno, CZ},
    language={czech},
    url={https://www.fit.vut.cz/study/thesis/23972/},
    cited={2022-01-08}
}

@webpage{JShelterHome,
	title={JShelter},
	url={https://jshelter.org/},
	publisher={JShelter},
	howpublished={online},
	cited={2022-12-30}
}

@webpage{JShelterJavaScriptShield,
	title={JShelter - JavaScript Shield},
	url={https://jshelter.org/levels/},
	publisher={JShelter},
	howpublished={online},
	cited={2022-12-30}
}

@misc{JShelterPaper,
  doi={10.48550/ARXIV.2204.01392},
  url={https://arxiv.org/abs/2204.01392},
  author={L. Polčák, M. Saloň, G. Maone, R. Hranický and M. McMahon},
  keywords={Cryptography and Security (cs.CR), FOS: Computer and information sciences, FOS: Computer and information sciences, D.m},
  title={JShelter: Give Me My Browser Back},
  publisher={arXiv},
  year={2022},
  cited={2022-12-30},
}

@webpage{MDNHeaderUserAgent,
	title={Mozilla Developer Network - User-Agent HTTP header},
	url={https://developer.mozilla.org/en-US/docs/Web/HTTP/Headers/User-Agent},
	publisher={Mozilla Corporation},
	howpublished={online},
	cited={2022-12-30}
}

@webpage{MDNHeaderAccept,
	title={Mozilla Developer Network - Accept HTTP header},
	url={https://developer.mozilla.org/en-US/docs/Web/HTTP/Headers/Accept},
	publisher={Mozilla Corporation},
	howpublished={online},
	cited={2022-12-30}
}

@webpage{MDNHeaderAcceptLanguage,
	title={Mozilla Developer Network - Accept-Language HTTP header},
	url={https://developer.mozilla.org/en-US/docs/Web/HTTP/Headers/Accept-Language},
	publisher={Mozilla Corporation},
	howpublished={online},
	cited={2023-01-1}
}

@webpage{MDNNavigatorInterface,
	title={Mozilla Developer Network - Navigator Web API},
	url={https://developer.mozilla.org/en-US/docs/Web/API/Navigator},
	publisher={Mozilla Corporation},
	howpublished={online},
	cited={2023-01-9}
}

@webpage{MDNScreenInterface,
	title={Mozilla Developer Network - Screen Web API},
	url={https://developer.mozilla.org/en-US/docs/Web/API/Screen},
	publisher={Mozilla Corporation},
	howpublished={online},
	cited={2023-01-9}
}

@webpage{SemVerWebsite,
	author={T. Preston-Werner},
	title={Semantic Versioning Specification},
	url={https://semver.org},
	howpublished={online},
	cited={2022-12-30}
}

@webpage{StatcounterGlobalStats,
	title={Startcounter GlobalStats},
	url={https://gs.statcounter.com},
	howpublished={online},
	cited={2023-01-6}
}

@techreport{RFC6648,
	author={P. Saint-Andre, D. Crocker, and M. Nottingham},
	title={Deprecating the \uv{X-} Prefix and Similar Constructs
                        in Application Protocols},
	url={https://www.rfc-editor.org/rfc/rfc6648},
	howpublished={Internet Requests for Comments},
	type={RFC},
	issn={2070-1721},
	month={6},
	year={2012},
	publisher={RFC Editor},
	institution={RFC Editor},
	cited={2023-01-6}
}

@inproceedings{PriVaricator,
	author = {Nikiforakis, Nick and Joosen, Wouter and Livshits, Benjamin},
	title = {PriVaricator: Deceiving Fingerprinters with Little White Lies},
	year = {2015},
	isbn = {9781450334693},
	publisher = {International World Wide Web Conferences Steering Committee},
	address = {Republic and Canton of Geneva, CHE},
	url = {https://doi.org/10.1145/2736277.2741090},
	doi = {10.1145/2736277.2741090},
	booktitle = {Proceedings of the 24th International Conference on World Wide Web},
	keywords = {fingerprinting, randomization, tracking},
	location = {Florence, Italy},
	series = {WWW '15},
	cited={2023-01-6}
}

@inproceedings{FPRandom,
 	title={{FPRandom: Randomizing core browser objects to break advanced device fingerprinting techniques}},
	author={Laperdrix, Pierre and Baudry, Benoit and Mishra, Vikas},
	url={https://hal.inria.fr/hal-01527580},
	booktitle={{ESSoS 2017 - 9th International Symposium on Engineering Secure Software and Systems}},
	address={Bonn, Germany},
	year={2017},
	month=Jul,
	pdf={https://hal.inria.fr/hal-01527580/file/fprandom-essos17.pdf},
	cited={2023-01-6}
}

@webpage{BraveFingerprintingDefences2,
	author="{Brave Privacy Team}",
	title={Brave browsers - Fingerprinting defenses 2.0},
	url={https://brave.com/privacy-updates/4-fingerprinting-defenses-2.0/},
	publisher={Brave Software, Inc.},
	howpublished={online},
	cited={2023-01-10}
}